%% This BibTeX bibliography file was created using BibDesk.
%% https://bibdesk.sourceforge.io/

%% Created for Alison Peard at 2021-04-28 15:52:05 +0100


%% Saved with string encoding Unicode (UTF-8)

% chimera discovery paper
@article{bera2017chimera,
  title={Chimera states: effects of different coupling topologies},
  author={Bera, Bidesh K and Majhi, Soumen and Ghosh, Dibakar and Perc, Matja{\v{z}}},
  journal={EPL (Europhysics Letters)},
  volume={118},
  number={1},
  pages={10001},
  year={2017},
  publisher={IOP Publishing}
}

@article{haugland2021changing,
	author = {Haugland, Sindre W},
	journal = {arXiv preprint arXiv:2102.05515},
	title = {The changing notion of chimera states, a critical review},
	year = {2021}}

@article{meijaard2018oil,
	author = {Meijaard, E and Garcia-Ulloa, J and Sheil, D and Wich, SA and Carlson, KM and Juffe-Bignoli, D and Brooks, TM},
	publisher = {International Union for Conservation of Nature and Natural Resources (IUCN)},
	title = {Oil palm and biodiversity: A situation analysis by the IUCN Oil Palm Task Force},
	year = {2018}}

@article{scriven2019testing,
	author = {Scriven, Sarah A and Carlson, Kimberly M and Hodgson, Jenny A and McClean, Colin J and Heilmayr, Robert and Lucey, Jennifer M and Hill, Jane K},
	journal = {Journal of Applied Ecology},
	number = {10},
	pages = {2274--2285},
	publisher = {Wiley Online Library},
	title = {Testing the benefits of conservation set-asides for improved habitat connectivity in tropical agricultural landscapes},
	volume = {56},
	year = {2019}}

@article{dutta2015,
	author = {Dutta, Partha and Banerjee, Tanmoy},
	doi = {10.1103/PhysRevE.92.042919},
	journal = {Physical Review E},
	month = {10},
	pages = {042919},
	title = {Spatial coexistence of synchronized oscillation and death: A chimeralike state},
	volume = {92},
	year = {2015},
	Bdsk-Url-1 = {https://doi.org/10.1103/PhysRevE.92.042919}}

@article{zakharova2014,
	author = {Zakharova, Anna and Kapeller, Marie and Sch{\"o}ll, Eckehard},
	doi = {10.1103/PhysRevLett.112.154101},
	journal = {Physical review letters},
	month = {04},
	pages = {154101},
	title = {Chimera Death: Symmetry Breaking in Dynamical Networks},
	volume = {112},
	year = {2014},
	Bdsk-Url-1 = {https://doi.org/10.1103/PhysRevLett.112.154101}}

@article{zakharova2015,
	author = {Zakharova, Anna and Kapeller, Marie and Sch{\"o}ll, Eckehard},
	doi = {10.1088/1742-6596/727/1/012018},
	journal = {Journal of Physics: Conference Series},
	month = {03},
	title = {Amplitude chimeras and chimera death in dynamical networks},
	volume = {727},
	year = {2015},
	Bdsk-Url-1 = {https://doi.org/10.1088/1742-6596/727/1/012018}}

@article{murdoch1998,
	author = {Murdoch, W. and Nisbet, Roger and McCauley, E. and de Roos, Andr{\'e} and Gurney, WSC},
	doi = {10.2307/176747},
	journal = {Ecology},
	month = {06},
	pages = {1339-1356},
	title = {Plankton Abundance and Dynamics across Nutrient Levels: Tests of Hypotheses},
	volume = {79},
	year = {1998},
	Bdsk-Url-1 = {https://doi.org/10.2307/176747}}

@article{jansen2001,
	author = {Jansen, Vincent A.A.},
	doi = {10.1006âœ“tpbi.2000.1506},
	journal = {Theoretical Population Biology},
	month = {01},
	pages = {119-131},
	title = {The dynamics of two diffusively coupled predator-prey populations},
	volume = {59},
	year = {2001},
	Bdsk-Url-1 = {https://doi.org/10.1006%E2%9C%93tpbi.2000.1506}}

@article{klebanoff1994,
	author = {Klebanoff, Aaron and Hastings, Alan},
	journal = {Journal of Mathematical Biology},
	number = {5},
	pages = {427--451},
	publisher = {Springer},
	title = {Chaos in three species food chains},
	volume = {32},
	year = {1994}}

@article{lucey2014,
	author = {Lucey, Jennifer M and Tawatao, Noel and Senior, Michael JM and Chey, Vun Khen and Benedick, Suzan and Hamer, Keith C and Woodcock, Paul and Newton, Robert J and Bottrell, Simon H and Hill, Jane K},
	journal = {Biological conservation},
	pages = {268--276},
	publisher = {Elsevier},
	title = {Tropical forest fragments contribute to species richness in adjacent oil palm plantations},
	volume = {169},
	year = {2014}}

@article{ricketts2001,
	author = {Ricketts, Taylor H},
	journal = {The American Naturalist},
	number = {1},
	pages = {87--99},
	publisher = {The University of Chicago Press},
	title = {The matrix matters: effective isolation in fragmented landscapes},
	volume = {158},
	year = {2001}}

@article{hagen2012,
	author = {Hagen, Melanie and Kissling, W. Daniel and Rasmussen, Claus and De Aguiar, Marcus AM and Brown, Lee E. and Carstensen, Daniel W. and Alves-Dos-Santos, Isabel and Dupont, Yoko L. and Edwards, Francois K. and Genini, Julieta and others},
	journal = {Advances in ecological research},
	pages = {89--210},
	publisher = {Elsevier},
	title = {Biodiversity, species interactions and ecological networks in a fragmented world},
	volume = {46},
	year = {2012}}

@article{saha2019,
	author = {Saha, Suman and Bairagi, Nandadulal and Dana, Syamal Kumar},
	journal = {Frontiers in Applied Mathematics and Statistics},
	pages = {15},
	publisher = {Frontiers},
	title = {Chimera states in ecological network under weighted mean-field dispersal of species},
	volume = {5},
	year = {2019}}

@article{petrovskii,
	author = {Malay Banerjee and Sergei Petrovskii},
	journal = {Theoretical Ecology},
	pages = {37-53},
	publisher = {Springe},
	title = {Self-organised spatial patterns and chaos in a ratio-dependent predator--prey system},
	volume = {4},
	year = {2011}}

@article{rosenzweig1963,
	author = {Rosenzweig, Michael L. and MacArthur, Robert H.},
	journal = {The American Naturalist},
	number = {895},
	pages = {209--223},
	publisher = {Science Press},
	title = {Graphical representation and stability conditions of predator-prey interactions},
	volume = {97},
	year = {1963}}

@article{gilpin1972enriched,
	author = {Gilpin, Michael E. and Rosenzweig, Michael L.},
	journal = {Science},
	number = {4052},
	pages = {902--904},
	publisher = {JSTOR},
	title = {Enriched predator-prey systems: theoretical stability},
	volume = {177},
	year = {1972}}

@article{cottingham2000increased,
	author = {Cottingham, KL and Rusak, JA and Leavitt, PR},
	journal = {Ecology Letters},
	number = {4},
	pages = {340--348},
	publisher = {Wiley Online Library},
	title = {Increased ecosystem variability and reduced predictability following fertilisation: Evidence from palaeolimnology},
	volume = {3},
	year = {2000}}

@article{jensen2005paradoxes,
	author = {Jensen, Christopher XJ and Ginzburg, Lev R},
	journal = {Ecological Modelling},
	number = {1},
	pages = {3--14},
	publisher = {Elsevier},
	title = {Paradoxes or theoretical failures? The jury is still out},
	volume = {188},
	year = {2005}}

@article{hastings2018transient,
	author = {Hastings, Alan and Abbott, Karen C. and Cuddington, Kim and Francis, Tessa and Gellner, Gabriel and Lai, Ying-Cheng and Morozov, Andrew and Petrovskii, Sergei and Scranton, Katherine and Zeeman, Mary Lou},
	journal = {Science},
	number = {6406},
	publisher = {American Association for the Advancement of Science},
	title = {Transient phenomena in ecology},
	volume = {361},
	year = {2018}}

@article{hastings2004transients,
	author = {Hastings, Alan},
	journal = {Trends in Ecology \& Evolution},
	number = {1},
	pages = {39--45},
	publisher = {Elsevier},
	title = {Transients: the key to long-term ecological understanding?},
	volume = {19},
	year = {2004}}

@article{crone2011plant,
	author = {Crone, Elizabeth E. and Menges, Eric S. and Ellis, Martha M. and Bell, Timothy and Bierzychudek, Paulette and Ehrl{\'e}n, Johan and Kaye, Thomas N and Knight, Tiffany M and Lesica, Peter and Morris, William F and others},
	journal = {Ecology letters},
	number = {1},
	pages = {1--8},
	publisher = {Wiley Online Library},
	title = {How do plant ecologists use matrix population models?},
	volume = {14},
	year = {2011}}

@article{gottwald20160,
	author = {Gottwald, Georg A and Melbourne, Ian},
	journal = {Chaos detection and predictability},
	pages = {221--247},
	publisher = {Springer},
	title = {The 0-1 test for chaos: A review},
	year = {2016}}

@article{gottwald2009implementation,
	author = {Gottwald, Georg A and Melbourne, Ian},
	journal = {SIAM Journal on Applied Dynamical Systems},
	number = {1},
	pages = {129--145},
	publisher = {SIAM},
	title = {On the implementation of the 0--1 test for chaos},
	volume = {8},
	year = {2009}}

@article{gottwald2004new,
	author = {Gottwald, Georg A and Melbourne, Ian},
	journal = {Proceedings of the Royal Society of London. Series A: Mathematical, Physical and Engineering Sciences},
	number = {2042},
	pages = {603--611},
	publisher = {The Royal Society},
	title = {A new test for chaos in deterministic systems},
	volume = {460},
	year = {2004}}

@article{banerjee2011self,
	author = {Banerjee, Malay and Petrovskii, Sergei},
	journal = {Theoretical Ecology},
	number = {1},
	pages = {37--53},
	publisher = {Springer},
	title = {Self-organised spatial patterns and chaos in a ratio-dependent predator--prey system},
	volume = {4},
	year = {2011}}

@article{leidner2010does,
	author = {Leidner, Allison K and Haddad, Nick M and Lovejoy, Thomas E},
	journal = {PLoS One},
	number = {3},
	pages = {e9534},
	publisher = {Public Library of Science},
	title = {Does tropical forest fragmentation increase long-term variability of butterfly communities?},
	volume = {5},
	year = {2010}}

@article{hagen2012biodiversity,
	author = {Hagen, Melanie and Kissling, W Daniel and Rasmussen, Claus and De Aguiar, Marcus AM and Brown, Lee E and Carstensen, Daniel W and Alves-Dos-Santos, Isabel and Dupont, Yoko L and Edwards, Francois K and Genini, Julieta and others},
	journal = {Advances in ecological research},
	pages = {89--210},
	publisher = {Elsevier},
	title = {Biodiversity, species interactions and ecological networks in a fragmented world},
	volume = {46},
	year = {2012}}

@incollection{hubbell2011unified,
	author = {Hubbell, Stephen P},
	booktitle = {The Unified Neutral Theory of Biodiversity and Biogeography (MPB-32)},
	publisher = {Princeton University Press},
	title = {The unified neutral theory of biodiversity and biogeography (MPB-32)},
	year = {2011}}

@article{laurance2011,
	author = {Laurance, William F. and Camargo, Jos{\'e} LC and Luiz{\~a}o, Regina CC and Laurance, Susan G and Pimm, Stuart L. and Bruna, Emilio M. and Stouffer, Philip C. and Williamson, G. Bruce and Ben{\'\i}tez-Malvido, Julieta and Vasconcelos, Heraldo L. and others},
	journal = {Biological conservation},
	number = {1},
	pages = {56--67},
	publisher = {Elsevier},
	title = {The fate of Amazonian forest fragments: a 32-year investigation},
	volume = {144},
	year = {2011}}

@article{terborgh2001ecological,
	author = {Terborgh, John and Lopez, Lawrence and Nu{\~n}ez, Percy and Rao, Madhu and Shahabuddin, Ghazala and Orihuela, Gabriela and Riveros, Mailen and Ascanio, Rafael and Adler, Greg H and Lambert, Thomas D and others},
	journal = {Science},
	number = {5548},
	pages = {1923--1926},
	publisher = {American Association for the Advancement of Science},
	title = {Ecological meltdown in predator-free forest fragments},
	volume = {294},
	year = {2001}}

@article{hansen2020moran,
	author = {Hansen, Brage B and Gr{\o}tan, Vidar and Herfindal, Ivar and Lee, Aline M},
	journal = {Ecography},
	number = {11},
	pages = {1591--1602},
	publisher = {Wiley Online Library},
	title = {The Moran effect revisited: spatial population synchrony under global warming},
	volume = {43},
	year = {2020}}

@online{transientsweb,
	publisher = {University of Southampton},
	title = {Complexity Theory, Transient Dynamics},
	url = {http://www.complexity.soton.ac.uk/theory/_Transient_Dynamics.php},
	urldate = {03-21},
	Bdsk-Url-1 = {http://www.complexity.soton.ac.uk/theory/_Transient_Dynamics.php}}

@misc{lambiottenotes,
	author = {Renaud Lambiotte},
	publisher = {University of Oxford},
	title = {C5.4 Networks Lecture Notes},
	year = {2021}}
